@book{clewley_polymerase_1995,
	location = {Boca Raton [u.a.]},
	title = {The polymerase chain reaction ({PCR}) for human viral diagnosis},
	isbn = {978-0-8493-4833-4},
	pagetotal = {224  Seiten},
	publisher = {{CRC} Press},
	author = {Clewley, Jonathan P.},
	editorb = {Clewley, Jonathan P. [Herausgeber/in]},
	editorbtype = {redactor},
	date = {1995},
	keywords = {Diagnose, Diagnosis, Diagnostic use, Genetic aspects, Humans, Polymerase chain reaction, Polymerase-Kettenreaktion, Viral diseases, Virus diseases, Viruses, Virusinfektion},
}

@book{wehrle_weber_pcr_1994,
	location = {Darmstadt},
	title = {{PCR} (Polymerase Kettenreaktion) im medizinischen und biologischen Labor},
	isbn = {3-928865-13-7},
	url = {https://www.gbv.de/dms/ohb-opac/156377519.pdf},
	pagetotal = {295 Seiten},
	publisher = {{GIT}-Verl.},
	author = {Weber, Renate and Wehrle, Herbert},
	editorb = {Wink, Michael [Herausgeber/in] and Wehrle, Herbert},
	editorbtype = {redactor},
	date = {1994},
	keywords = {Polymerase-Kettenreaktion},
}

@book{wink_pcr_1994,
	location = {Darmstadt},
	title = {{PCR} (Polymerase Kettenreaktion) im medizinischen und biologischen Labor},
	isbn = {3-928865-13-7},
	url = {https://www.gbv.de/dms/ohb-opac/156377519.pdf},
	pagetotal = {295 Seiten},
	publisher = {{GIT}-Verl.},
	author = {Wink, Michael},
	editorb = {Wink, Michael [Herausgeber/in] and Wehrle, Herbert},
	editorbtype = {redactor},
	date = {1994},
	keywords = {Polymerase-Kettenreaktion},
}




@book{hamming_information_1987,
	location = {Weinheim [u.a.]},
	edition = {1. Aufl.},
	title = {Information und Codierung},
	isbn = {3-527-26611-9},
	url = {http://d-nb.info/870640429/04},
	series = {Informationstechnologie},
	pagetotal = {{XII}, 269 Seiten},
	publisher = {{VCH}},
	author = {Hamming, Richard W.},
	editorbtype = {redactor},
	date = {1987},
	keywords = {Codierungstheorie, Coding theory, Information theory, Informationstheorie},
}

@book{dankmeier_codierung_1994,
	location = {Braunschweig ; Wiesbaden},
	title = {Codierung : Fehlerbeseitigung und Verschlüsselung},
	isbn = {3-528-05399-2},
	url = {https://external.dandelon.com/download/attachments/dandelon/ids/DE00107B33FC61A672A01C12575910044C857.pdf},
	series = {{DuD}-Fachbeiträge},
	pagetotal = {{VI}, 286 S},
	publisher = {Vieweg},
	author = {Dankmeier, Wilfried},
	editorbtype = {redactor},
	date = {1994},
	note = {Issue: 20},
	keywords = {Codierung},
}

@book{blahut_algebraic_1992,
	location = {New York ; Berlin ; Heidelberg ; London ; Paris ; Tokyo ; Hong Kong ; Barcelona ; Budapest},
	title = {Algebraic methods for signal processing and communications coding},
	isbn = {0-387-97673-6},
	url = {http://swbplus.bsz-bw.de/bsz027843785cov.htm},
	series = {Signal processing and digital filtering},
	pagetotal = {X, 143 Seiten},
	publisher = {Springer},
	author = {Blahut, Richard E.},
	editorbtype = {redactor},
	date = {1992},
	keywords = {Algebraische Methode, Digital techniques, Digitale Signalverarbeitung, Fehlererkennungscode, Fehlerkorrekturcode, Signal processing},
}





@article{schmidt_novel_2020,
	title = {Novel multiple swab method enables high efficiency in {SARS}-{CoV}-2 screenings without loss of sensitivity for screening of a complete population},
	volume = {60},
	url = {https://onlinelibrary.wiley.com/doi/abs/10.1111/trf.15973},
	doi = {10.1111/trf.15973},
	abstract = {Abstract Background In the pandemic, testing for severe acute respiratory syndrome coronavirus 2 ({SARS}-{CoV}-2) by real-time polymerase chain reaction is one of the pillars on which countermeasures are based. Factors limiting the output of laboratories interfere with the effectiveness of public health measures. Conserving reagents by pooling samples in low-probability settings is proposed but may cause dilution and loss of sensitivity. Blood transfusion services had experience in performance of high throughput nucleic acid testing ({NAT}) analysis and can support the national health system by screening of the inhabitants for {SARS}-{COV}-2. Methods We evaluated a new approach of a multiple-swab method by simultaneously incubating multiple respiratory swabs in a single tube. Analytical sensitivity was constant up to a total number of 50 swabs. It was consequently applied in the testing of 50 symptomatic patients (5-sample pools) as well as 100 asymptomatic residents of a nursing home (10-sample pools). Results The novel method did not cause false-negative results with nonsignificantly differing cycle threshold values between single-swab and multiple-swab {NAT}. In two routine applications, all minipools containing positive patient samples were correctly identified. Conclusions The new method enables countries to increase the total number of testing significantly. The multiple-swab method is able to screen system relevant groups of employees frequently. The example in Germany shows that blood transfusion services can support general health systems with their experience in {NAT} and their high-throughput instruments. Screening of a huge number of inhabitants is currently the only option to prevent a second infection wave and enable exit strategies in many countries.},
	pages = {2441--2447},
	number = {10},
	journaltitle = {Transfusion},
	author = {Schmidt, Michael and Hoehl, Sebastian and Berger, Annemarie and Zeichhardt, Heinz and Hourfar, Kai and Ciesek, Sandra and Seifried, Erhard},
	date = {2020},
}





@article{calabrese_how_2021,
	title = {How optimal allocation of limited testing capacity changes epidemic dynamics ({PrePrint})},
	url = {https://www.medrxiv.org/content/10.1101/2020.12.21.20248431v2},
	doi = {10.1101/2020.12.21.20248431},
	abstract = {Sollten {PCR}-Tests klinisch oder dezentral durchgeführt werden?
	Inzidenz für break-even},
	number = {2},
	journaltitle = {{medRxiv} - The {PrePrint} Server for Health Sciences},
	author = {Calabrese, Justin and Demers, Jeffrey},
	date = {2021-09-08},
}

@article{verwilt_evaluation_2021,
	title = {Evaluation of efficiency and sensitivity of 1D and 2D sample pooling strategies for {SARS}-{CoV}-2 {RT}-{qPCR} screening purposes ({PrePrint})},
	url = {https://www.medrxiv.org/content/10.1101/2020.07.17.20152702v4},
	doi = {10.1101/2020.07.17.20152702},
	abstract = {Erarbeitung und Simulation unterschiedlicher Pooling-Verfahren. (1D, 2D)
	Vier Artikelversionen und Analyse der Auswirkung auf Sensitivität.},
	number = {4},
	journaltitle = {{medRxiv} - The {PrePrint} Server for Health Sciences},
	author = {Verwilt, Jasper and Hellemans, Jan and Sante, Tom and Mestdagh, Pieter and Vandesompele, Jo},
	date = {2021-09-10},
}

@article{viehweger_increased_2020,
	title = {Increased {PCR} screening capacity using a multi-replicate pooling scheme ({PrePrint})},
	url = {https://www.medrxiv.org/content/10.1101/2020.04.16.20067603v2},
	doi = {10.1101/2020.04.16.20067603},
	number = {2},
	journaltitle = {{medRxiv} - The {PrePrint} Server for Health Sciences},
	author = {Viehweger, Adrian and Kühnl, F and Brandt, C and König, B and Rodloff, A},
	date = {2020-07-10},
}






@report{rki-bericht_2021,
	location = {Berlin},
	author = {Robert Koch-Institut},
	title = {{RKI}-Bericht zu Testzahlen},
	url = {https://www.rki.de/DE/Content/InfAZ/N/Neuartiges_Coronavirus/Daten/Testzahlen-gesamt.html},
	institution = {Robert Koch-Institut},
	date = {2021-11-25},
}

@patent{roth_verfahren_2007,
	location = {Wiesbaden},
	title = {Verfahren und Vorrichtung zum automatisierten Bearbeiten von gepoolten Prob},
	url = {https://patentimages.storage.googleapis.com/c1/17/85/7a917431b7bf0f/DE102005054206A1.pdf},
	type = {patentde},
	number = { 10 2005 054 206 A1 2007.07.12},
	author = {Roth, Prof. Dr., Willi and Hourfar, Kai},
	date = {2007-07-12},
}

@article{Aertzeblatt,
	title = {Pooling bei Coronatests: Eine Lösung mit Tücken},
	url = {https://www.aerzteblatt.de/archiv/215059/Pooling-bei-Coronatests-Eine-Loesung-mit-Tuecken},
	number = {33},
	journaltitle = {Deutsches Ärzteblatt},
	author = {Schlenger, Ralf},
	urldate = {2021-11-28},
	date = {2020-08-17},
}

@article{WuerzburgStudie,
	title = {Clinical performance evaluation of {SARS}-{CoV}-2 rapid antigen testing in point of care usage in comparison to {RT}-{qPCR}},
	url = {10.1016/j.ebiom.2021.103455},
	doi = {doi: 10.1016/j.ebiom.2021.103455},
	journaltitle = {{EBioMedicine}},
	author = {Wagenhäuser, Isabell and Knies, Kerstin and Rauschenberger, Vera and Eisenmann, Michael and McDonogh, Miriam and Petri, Nils and Andres, Oliver and Flemming, Sven and Gawlik, Micha and Papsdorf, Michael and Taurines, Regina and Böhm, Hartmut and Forster, Johannes and Weismann, Dirk and Weißbrich, Benedikt and Dölken, Lars and Liese, Johannes and Kurzai, Oliver and Vogel, Ulrich and Krone, Manuel},
	editor = {{Elsevier}},
	date = {2021-07-01},
}